@misc{wikipedia,
  title = {维基百科},
  howpublished = {\url{https://en.wikipedia.org}}
}

@misc{mathworld,
  title = {Math World},
  howpublished = {\url{https://mathworld.wolfram.com}}
}

@misc{mathsgreat,
  title = {大哉言数},
  howpublished = {\url{http://mathsgreat.com/}}
}

@misc{BarycentricCoordinates,
  title = {Barycentric Coordinates},
  howpublished = {\url{https://mathworld.wolfram.com/BarycentricCoordinates.html}}
}

@misc{evanchen,
  title = {Barycentric Coordinates in Olympiad Geometry},
  howpublished = {\url{https://web.evanchen.cc/handouts/bary/bary-full.pdf}}
}

@misc{cut,
  title = {Interactive Mathematics Miscellany and Puzzles},
  howpublished = {\url{https://www.cut-the-knot.org/}}
}

@book{stillwell,
  title = {数学及其历史},
  publisher      = {高等教育出版社},
  author = {Stillwell（著）{,}袁向东{,}冯绪宁（译）},
  year = {2011}
}
