@misc{LINE,
  title        = {Line-Line Intersection},
  howpublished = {\url{https://mathworld.wolfram.com/Line-LineIntersection.html}}
}

@misc{CALC,
  title        = {Coordinate Calculations},
  howpublished = {\url{https://tikz.dev/tikz-coordinates}}
}

@misc{PATH,
  title        = {Syntax for Path Specifications},
  howpublished = {\url{https://tikz.dev/tikz-paths}}
}

@misc{HOMO,
  title        = {Homothetic Center},
  howpublished = {\url{https://en.wikipedia.org/wiki/Homothetic_center}}
}

@misc{SPLI,
  title        = {TikZ Spline Library},
  howpublished = {\url{https://github.com/stevecheckoway/tikzlibraryspline}}
}

@misc{CONIC,
  title        = {A Gallery of Conics by Five Elements},
  howpublished = {\url{https://scispace.com/pdf/a-gallery-of-conics-by-five-elements-1g1jq5kehz.pdf}}
}